<?xml version="1.0" encoding="UTF-8"?><record xmlns="http://www.loc.gov/MARC21/slim" xmlns:cinclude="http://apache.org/cocoon/include/1.0" xmlns:zs="http://www.loc.gov/zing/srw/">
  <leader>00582cz  a2200157n  4500</leader>
  <controlfield tag="001">n 2010053847</controlfield>
  <controlfield tag="003">DLC</controlfield>
  <controlfield tag="005">20110130074903.0</controlfield>
  <controlfield tag="008">100818n| acannaabn          |b aaa      </controlfield>
  <datafield tag="010" ind1=" " ind2=" ">
    <subfield code="a">n 2010053847</subfield>
  </datafield>
  <datafield tag="035" ind1=" " ind2=" ">
    <subfield code="a">(OCoLC)oca08597261</subfield>
  </datafield>
  <datafield tag="040" ind1=" " ind2=" ">
    <subfield code="a">DLC</subfield>
    <subfield code="b">eng</subfield>
    <subfield code="c">DLC</subfield>
    <subfield code="d">HkUST</subfield>
  </datafield>
  <datafield tag="100" ind1="1" ind2=" ">
    <subfield code="a">Qian, Suoqiao</subfield>
  </datafield>
  <datafield tag="400" ind1="1" ind2=" ">
    <subfield code="a">钱锁桥</subfield>
  </datafield>
  <datafield tag="667" ind1=" " ind2=" ">
    <subfield code="a">Non-Latin script reference not evaluated.</subfield>
  </datafield>
  <datafield tag="670" ind1=" " ind2=" ">
    <subfield code="a">Liberal cosmopolitan, 2010:</subfield>
    <subfield code="b">ECIP t.p. (Qian Suoqiao) data view (Ph.D. (1996) in comparative literature, UC Berkeley, assistant professor at City Univ. of Hong Kong) bk. t.p. (钱锁桥 = Qian Suoqiao)</subfield>
  </datafield>
</record>